<?xml version="1.0" encoding="UTF-8"?><collection xmlns="http://www.loc.gov/MARC21/slim"><record><leader>00409nam--2200145-i-4500</leader><controlfield tag="001">000029632</controlfield><controlfield tag="002">20161230</controlfield><controlfield tag="005">20161230201037</controlfield><controlfield tag="008">060222s1000------------r-----000-0-eng-d</controlfield><datafield ind1=" " ind2=" " tag="080"><subfield code="a">577.2</subfield></datafield><datafield ind1=" " ind2=" " tag="245"><subfield code="a">Molecular structure and sensory physiology</subfield></datafield><datafield ind1=" " ind2=" " tag="260"><subfield code="a">Berlin, Springer-verlag, 1980, 146p</subfield></datafield><datafield ind1=" " ind2=" " tag="490"><subfield code="a">Structure And Bonding</subfield></datafield><datafield ind1=" " ind2=" " tag="700"><subfield code="a">Schmidt, W., Doughty, M.J., Dien, B., Russo, V.E.A</subfield></datafield><datafield ind1=" " ind2=" " tag="852"><subfield code="a">25684</subfield></datafield></record></collection>